<record><leader>00000cas a22000007a 4500</leader><controlfield tag="001">9633875</controlfield><controlfield tag="008">830622d18381838ohudn ne      0    0eng d</controlfield><datafield ind1=" " ind2=" " tag="010"><subfield code="a">sn 83035240 </subfield></datafield><datafield ind1=" " ind2=" " tag="040"><subfield code="a">NPY</subfield><subfield code="b">eng</subfield><subfield code="c">NPY</subfield><subfield code="d">ONP</subfield><subfield code="d">OCLCQ</subfield></datafield><datafield ind1=" " ind2=" " tag="042"><subfield code="a">msc</subfield></datafield><datafield ind1="0" ind2=" " tag="130"><subfield code="a">Budget (Conneaut, Ohio : 1838)</subfield></datafield><datafield ind1="1" ind2="4" tag="245"><subfield code="a">The Budget.</subfield></datafield><datafield ind1=" " ind2=" " tag="260"><subfield code="a">Conneaut, Ohio :</subfield><subfield code="b">Finch &amp; Allen,</subfield><subfield code="c">-1838.</subfield></datafield><datafield ind1=" " ind2=" " tag="300"><subfield code="a">1 v. ;</subfield><subfield code="c">25 cm.</subfield></datafield><datafield ind1=" " ind2=" " tag="310"><subfield code="a">Daily (except Sun.)</subfield></datafield><datafield ind1="1" ind2=" " tag="362"><subfield code="a">Began in Jan. 1838.</subfield></datafield><datafield ind1="0" ind2=" " tag="362"><subfield code="a">-v. 1, no. 13 (Feb. 3, 1838).</subfield></datafield><datafield ind1=" " ind2=" " tag="500"><subfield code="a">"Its columns will be principally devoted to news from Canada." [news of the rebellion led by William MacKenzie.].</subfield></datafield><datafield ind1=" " ind2=" " tag="588"><subfield code="a">Description based on: Vol. 1, no. 2 (Jan. 22, 1838).</subfield></datafield><datafield ind1="1" ind2=" " tag="700"><subfield code="a">Finch, A.</subfield></datafield><datafield ind1="1" ind2=" " tag="700"><subfield code="a">Allen, Daniel C.,</subfield><subfield code="d">1818-1878.</subfield></datafield><datafield ind1=" " ind2=" " tag="752"><subfield code="a">United States</subfield><subfield code="b">Ohio</subfield><subfield code="c">Ashtabula</subfield><subfield code="d">Conneaut.</subfield></datafield></record>